<?xml version="1.0" encoding="UTF-8"?><collection xmlns="http://www.loc.gov/MARC21/slim"><record><leader>00339nam--2200121-i-4500</leader><controlfield tag="001">000036987</controlfield><controlfield tag="002">20161230</controlfield><controlfield tag="005">20161230201041</controlfield><controlfield tag="008">060222s1000------------r-----000-0-eng-d</controlfield><datafield ind1=" " ind2=" " tag="100"><subfield code="a">Primenco, A.E</subfield></datafield><datafield ind1=" " ind2=" " tag="245"><subfield code="a">Turbine cu gaze si utilizarea lor in aviatie. (trad.din l.rusa)</subfield></datafield><datafield ind1=" " ind2=" " tag="260"><subfield code="a">Bucuresti, Ed.Tehnica, 1953, 174p., 94 Fig</subfield></datafield><datafield ind1=" " ind2=" " tag="852"><subfield code="a">6510</subfield></datafield></record></collection>